@MANUAL{oProjektu,
    title = "O projektu ptáci online. {[online]}",
    organization = "Èeská zemìdìlská univerzita v Praze, Fakulta životního prostøedí",
    url = "http://www.ptacionline.cz/o-projektu/o-projektu",
    note = "[cit. 2017-10-27]"
}

@MANUAL{ptaciVMediich,
    title = "Ptáci online v médiích. {[online]}",
    organization = "Èeská zemìdìlská univerzita v Praze, Fakulta životního prostøedí",
    url = "http://www.ptacionline.cz/o-projektu",
    note = "[cit. 2017-10-27]"
}

@MANUAL{nnhistory70,
    title = "Neural Networks History: The 1940's to the 1970's. {[online]}",
    organization = "Stanford University",
    url = "https://cs.stanford.edu/people/eroberts/courses/soco/projects/neural-networks/History/history1.html",
    note = "[cit. 2017-11-27]"
}

@MANUAL{nnhistorycurrent,
    title = "Neural Networks History: The 1980's to the present. {[online]}",
    organization = "Stanford University",
    url = "https://cs.stanford.edu/people/eroberts/courses/soco/projects/neural-networks/History/history2.html",
    note = "[cit. 2017-12-16]"
}

@MANUAL{texdoclet,
    title = "TexDoclet {[online]}",
    url = "http://doclet.github.io/",
    note = "2017"
}

@MANUAL{javadoc,
    title = "Javadoc tool. {[online]}",
    organization = "Oracle",
    url = "http://www.oracle.com/technetwork/java/javase/documentation/index-jsp-135444.html",
    note = "[cit. 2017-11-14]"
}

@MANUAL{javajar,
    title = "jar-The Java Archive Tool. {[online]}",
    organization = "Oracle",
    url = "https://docs.oracle.com/javase/7/docs/technotes/tools/windows/jar.html",
    note = "[cit. 2017-11-14]"
}

@MANUAL{maven,
    title = "Maven {[online]}",
	organization = "The Apache Software Foundation",
    url = "https://maven.apache.org/",
    note = "2017"
}

@MANUAL{mzp_ptaci_online,
	title = "Ptáci online: Sledujte zábìry z „chytré ptaèí budky“ na budovì MŽP {[online]}",
	organization = "Ministerstvo životního prostøedí",
	url = "http://www.mzp.cz/cz/news_160608_Ptaci_online",
	note = "[cit. 2017-11-18]"
}

@bachelorsthesis{mladata,
	author = "Pavel Šuma",
	title = "Detekce poètu mláïat v ptaèích hnízdech za pomoci nástrojù rozpoznání obrazu",
	type = "Bakaláøská práce",
	school = "Èeské vysoké uèení technické v Praze, Fakulta informaèních technologií",
	year = "2017"
}

@book{computervision,
	author = {Dana H. Ballard and Christopher M. Brown},
	title = {Computer Vision},
	year = {1982},
	note = {[cit. 2018-01-02]},
	publisher = {Prentice Hall},
	location = {Rochester, New York},
	isbn = {0-13-165316-4},
	pages = {523},
	url = {http://homepages.inf.ed.ac.uk/rbf/BOOKS/BANDB/Ballard__D._and_Brown__C._M.__1982__Computer_Vision.pdf}
}

@book{concisecompvision,
	author = {Reinhard Klette},
	title = {Concise Computer Vision},
	year = {2014},
	note = {[cit. 2017-10-19]},
	publisher = {Springer},
	isbn = {978-1-4471-6320-6}
}

@book{ann,
	author = {Andreas Zell},
	title = {Simulation of Neural Networks},
	year = {1994},
	note = {[cit. 2017-11-19]},
	publisher = {Addison-Wesley},
	isbn = {3-89319-554-8}
}

@MANUAL{tens_recognition,
	title = "Image Recognition {[online]}",
	organization = "Google Inc.",
	url = "https://www.tensorflow.org/tutorials/image_recognition",
	note = "[cit. 2017-11-09]"
}

@MANUAL{mediumnn,
	title = "Overview of Artificial Neural Networks and its Applications {[online]}",
	organization = "XenonStack",
	url = "https://medium.com/@xenonstack/overview-of-artificial-neural-networks-and-its-applications-2525c1addff7",
	note = "[cit. 2017-11-17]"
}

@MANUAL{tens_detection,
	title = "Tensorflow Object Detection API {[online]}",
	organization = "Google Inc.",
	url = "https://github.com/tensorflow/models/tree/master/research/object_detection",
	note = "[cit. 2017-11-17]"
}

@MANUAL{tensor_models,
	title = "Tensorflow detection model zoo {[online]}",
	organization = "Google Inc.",
	url = "https://github.com/tensorflow/models/blob/master/research/object_detection/g3doc/detection_model_zoo.md",
	note = "[cit. 2017-12-17]"
}

@MANUAL{mediumodtgcp,
	title = "Object Detection: Tensorflow and Google Cloud Platform {[online]}",
	author = "Sanjay Govindan",
	url = "https://medium.com/google-cloud/object-detection-tensorflow-and-google-cloud-platform-72e0a3f3bdd6",
	note = "pub. Nov 5, 2017 [cit. 2017-12-17]"
}


@MANUAL{tensor_od_config,
	title = "Configuring the Object Detection Training Pipeline {[online]}",
	organization = "Google Inc.",
	url = "https://github.com/tensorflow/models/blob/master/research/object_detection/g3doc/configuring_jobs.md",
	note = "[cit. 2017-12-01]"
}

@MANUAL{tens_doc,
	title = "Tensorflow API Documentation {[online]}",
	organization = "Google Inc.",
	url = "https://www.tensorflow.org/api_docs/",
	note = "[cit. 2017-11-17]"
}

@MANUAL{tens_priklad,
	title = "Getting Started with TensorFlow {[online]}",
	organization = "Google Inc.",
	url = "https://www.tensorflow.org/get_started/",
	note = "[cit. 2017-11-17]"
}

@MANUAL{tfrecord,
	title = "TensorFlow: Importing Data {[online]}",
	organization = "Google Inc.",
	url = "https://www.tensorflow.org/programmers_guide/datasets",
	note = "[cit. 2017-11-17]"
}

@MANUAL{create_tfrecord,
	title = "TensorFlow: Preparing Inputs {[online]}",
	organization = "Google Inc.",
	url = "https://github.com/tensorflow/models/blob/master/research/object_detection/g3doc/using_your_own_dataset.md",
	note = "[cit. 2017-11-22]"
}

@MANUAL{googlemlengine,
	title = "Cloud Machine Learning Engine {[online]}",
	organization = "Google Inc.",
	url = "https://cloud.google.com/ml-engine/",
	note = "[cit. 2017-10-06]"
}

@MANUAL{odtrainmultigpu,
	title = "[object detection feature request]: use multiple gpu for training {[online]}",
	author = "Wendal Chen",
	url = "https://github.com/tensorflow/models/issues/1972",
	note = "[cit. 2017-12-25]"
}

@MANUAL{springboot,
	title = "Spring Boot {[online]}",
	organization = "Pivotal Software, Inc.",
	url = "https://projects.spring.io/spring-boot/",
	note = "2018"
}

@MANUAL{jupyter,
	title = "Jupyter Notebook Documentation {[online]}",
	organization = "Project Jupyter",
	url = "http://jupyter.org/documentation.html",
	note = "2017"
}

@MANUAL{junitdoc,
	title = "JUnit 5 User Guide {[online]}",
	organization = "Project Jupyter",
	url = "http://junit.org/junit5/docs/current/user-guide/",
	note = "2017"
}

@MANUAL{labelimg,
	title = "LabelImg {[online]}",
	organization = "Tzutalin",
	url = "https://github.com/tzutalin/labelImg",
	note = "Git code (2015)"
}

@MANUAL{recog_retrain.py,
	title = "Simple transfer learning with Inception v3 or Mobilenet models. {[online]}",
	organization = "Google Inc.",
	url = "https://github.com/tensorflow/tensorflow/blob/master/tensorflow/examples/image_retraining/retrain.py",
	note = "[cit. 2017-12-03]"
}

@MANUAL{recog_label_image.py,
	title = "Using the Retrained Model. {[online]}",
	organization = "Google Inc.",
	url = "https://github.com/tensorflow/tensorflow/blob/master/tensorflow/examples/label_image/label_image.py",
	note = "[cit. 2017-12-03]"
}

@TechReport{decaf,
	title = "DeCAF: A Deep Convolutional Actiovation Feature for Generic Visual Recognition.",
	author = "Jeff Donahue and Yangqing Jia and Oriol Vinyals and Judy Hoffman and Ning Zhang and Eric Tzeng and Trevor Darrell",
	institution = "UC Berkeley \& ICSI",
	OPTaddress = "Berkeley, CA, USA",
	url = "https://arxiv.org/pdf/1310.1531v1.pdf",
	year = "2013",
	note = "[cit. 2017-09-08]"
}

@TechReport{imagenet,
	title = "ImageNet Large Scale Visual Recognition Challenge.",
	author = "Olga Russakovsky and Jia Deng and Hao Su and Jonathan Krause and Sanjeev Satheesh and Sean Ma and Zhiheng Huang and Andrej Karpathy and Aditya Khosla and Michael Bernstein and Alexander C. Berg and Li Fei-Fei",
	institution = "Stanford University, University of Michigan, Massachusetts Institute of Technology \& UNC Chapel Hill",
	url = "https://arxiv.org/pdf/1409.0575.pdf",
	year = "2015",
	note = "[cit. 2017-09-29]"
}

@MANUAL{tensor_install,
	title = "Installing TensorFlow {[online]}",
	organization = "Google Inc.",
	url = "https://www.tensorflow.org/install/",
	note = "[cit. 2017-12-06]"
}

@MANUAL{abouttensorflow,
	title = "About TensorFlow {[online]}",
	organization = "Google Inc.",
	url = "https://www.tensorflow.org/",
	note = "[cit. 2017-12-06]"
}

@MANUAL{tensoralgorithms,
	title = "Building the CNN MNIST Classifier {[online]}",
	organization = "Google Inc.",
	url = "https://www.tensorflow.org/tutorials/layers\#building_the_cnn_mnist_classifier",
	note = "[cit. 2017-12-23]"
}

@MANUAL{imagenet,
	title = "ImageNet {[online]}",
	organization = "Stanford Vision Lab, Stanford University, Princeton University",
	url = "http://www.image-net.org/",
	note = "[cit. 2017-12-23]"
}

@TechReport{inceptionv4,
	title = "Inception-v4, Inception-ResNet and	the Impact of Residual Connections on Learning.",
	author = "Christian Szegedy and Sergey Ioffe and Vincent Vanhoucke and Alex Alemi",
	institution = "Google Inc.",
	url = "https://arxiv.org/pdf/1512.00567.pdf",
	year = "2016",
	note = "[cit. 2017-10-09]"
}

@article{imagenetresults,
	Author = "Olga Russakovsky and Jia Deng and Hao Su and Jonathan Krause and Sanjeev Satheesh and Sean Ma and Zhiheng Huang and Andrej Karpathy and Aditya Khosla and Michael Bernstein and Alexander C. Berg and Li Fei-Fei",
	Title = "ImageNet Large Scale Visual Recognition Challenge",
	Year = "2015",
	journal = "International Journal of Computer Vision (IJCV)",
	doi = "10.1007/s11263-015-0816-y",
	volume="115",
	number="3",
	pages="211-252"
}

@MANUAL{v4trainingsize,
	title = "Preparing the datasets {[online]}",
	organization = "Google Inc.",
	url = "https://github.com/tensorflow/models/tree/master/research/slim\#preparing-the-datasets",
	note = "[cit. 2017-12-12]"
}

@MANUAL{tensorflowjavaapi,
	title = "org.tensorflow  {[online]}",
	organization = "Google Inc.",
	url = "https://www.tensorflow.org/api_docs/java/reference/org/tensorflow/package-summary",
	note = "[cit. 2017-12-12] (TensorFlow Java API v1.4)"
}