@MANUAL{svgspec,
    title = "Scalable Vector Graphics (SVG) 1.1 Specification {[online]}",
    organization = "WWW Consorcium",
    url = "http://www.w3.org/TR/2003/REC-SVG11-20030114/",
    note = "[cit. 2011-07-07]",
    key = "svg"
}

@BOOK{kobltypo,
	title = "Praktick{\' a} typografie",
	author = "Pavel Ko{\v c}i{\v c}ka and Filip Bla{\v z}ek",
	publisher = "Brno: Computer Press",
	year = "2004"
}

@BOOK{rybicka,
	title = "LaTeX pro za\v c\'ate\v cn\'\i{}ky",
	author = "Ji{\v r}{\' i} Rybi{\v c}ka",
	isbn = "80-7302-049-1",
	publisher = "Brno: Konvoj",
	edition = "3"
}

@MANUAL{iso690,
	organization = "\'U\v rad pro technickou normalizaci, metrologii a st\'atn\'\i{} zku\v sebnictv\'\i{}",
	title = "\v CSN ISO 690 Informace a dokumentace -- Pravidla pro bibliografick\'e odkazy a citace informa\v cn\'\i{}ch zdroj{\r u}",
	year = "2011"
}

@MANUAL{oProjektu,
    title = "O projektu ptáci online. {[online]}",
    organization = "Èeská zemìdìlská univerzita v Praze, Fakulta životního prostøedí",
    url = "http://www.ptacionline.cz/o-projektu/o-projektu",
    note = "[cit. 2017-12-27]",
    key = "oProjektu"
}

@MANUAL{ptaciVMediich,
    title = "Ptáci online v médiích. {[online]}",
    organization = "Èeská zemìdìlská univerzita v Praze, Fakulta životního prostøedí",
    url = "http://www.ptacionline.cz/o-projektu",
    note = "[cit. 2017-12-27]",
    key = "ptaciVMediich"
}

@MANUAL{nnhistory70,
    title = "Neural Networks History: The 1940's to the 1970's. {[online]}",
    organization = "Stanford University",
    url = "https://cs.stanford.edu/people/eroberts/courses/soco/projects/neural-networks/History/history1.html",
    note = "[cit. 2017-12-27]",
    key = "nnhistory70"
}

@MANUAL{nnhistorycurrent,
    title = "Neural Networks History: The 1980's to the present. {[online]}",
    organization = "Stanford University",
    url = "https://cs.stanford.edu/people/eroberts/courses/soco/projects/neural-networks/History/history2.html",
    note = "[cit. 2017-12-27]",
    key = "nnhistorycurrent"
}
